<?xml version="1.0" encoding="UTF-8"?><collection xmlns="http://www.loc.gov/MARC21/slim"><record><leader>00402nam--2200133-i-4500</leader><controlfield tag="001">000027202</controlfield><controlfield tag="002">20161230</controlfield><controlfield tag="005">20161230201036</controlfield><controlfield tag="008">060222s1000------------r-----000-0-eng-d</controlfield><datafield ind1=" " ind2=" " tag="100"><subfield code="a">Kouts, H</subfield></datafield><datafield ind1=" " ind2=" " tag="245"><subfield code="a">The use of small reactors for reactor physics</subfield></datafield><datafield ind1=" " ind2=" " tag="260"><subfield code="a">Vienna, Intern.Atomic Energy Agency, 1961, 12p</subfield></datafield><datafield ind1=" " ind2=" " tag="490"><subfield code="a">Symposium On The Programming And Utilization Of Reactors Research</subfield></datafield><datafield ind1=" " ind2=" " tag="852"><subfield code="a">6985</subfield></datafield></record></collection>